@Book{xie2015,
  title = {Dynamic Documents with {R} and knitr},
  author = {Yihui Xie},
  publisher = {Chapman and Hall/CRC},
  address = {Boca Raton, Florida},
  year = {2015},
  edition = {2nd},
  note = {ISBN 978-1498716963},
  url = {http://yihui.name/knitr/},
}

@Article{Giacomini2006,
	author={Raffaella Giacomini and Halbert White},
	title={{Tests of Conditional Predictive Ability}},
	journal={Econometrica},
	year=2006,
	volume={74},
	number={6},
	pages={1545-1578},
	month={November},
	keywords={},
	doi={},
	}

@Article{Ohanian2001,
	author={Andrew Atkeson and Lee E. Ohanian},
	title={{Are Phillips curves useful for forecasting inflation?}},
	journal={Quarterly Review},
	year=2001,
	volume={},
	number={Win},
	pages={2-11},
	month={},
	keywords={Inflation (Finance) ; Forecasting ; Phillips curve},
	doi={},
	}


@Article{Rogoff1983,
	author={Meese, Richard A. and Rogoff, Kenneth},
	title={{Empirical exchange rate models of the seventies : Do they fit out of sample?}},
	journal={Journal of International Economics},
	year=1983,
	volume={14},
	number={1-2},
	pages={3-24},
	month={February},
	keywords={},
	doi={},
	}
